@inproceedings{lin2004automatic,
  title={Automatic evaluation of machine translation quality using longest common subsequence and skip-bigram statistics},
  author={Lin, Chin-Yew and Och, Franz Josef},
  booktitle={Proceedings of the 42nd Annual Meeting on Association for Computational Linguistics},
  pages={605},
  year={2004},
  organization={Association for Computational Linguistics}
}

@inproceedings{papineni2002bleu,
  title={BLEU: a method for automatic evaluation of machine translation},
  author={Papineni, Kishore and Roukos, Salim and Ward, Todd and Zhu, Wei-Jing},
  booktitle={Proceedings of the 40th annual meeting on association for computational linguistics},
  pages={311--318},
  year={2002},
  organization={Association for Computational Linguistics}
}

@article{van2011numpy,
  title={The NumPy array: a structure for efficient numerical computation},
  author={Van Der Walt, Stefan and Colbert, S Chris and Varoquaux, Gael},
  journal={Computing in Science \& Engineering},
  volume={13},
  number={2},
  pages={22--30},
  year={2011},
  publisher={AIP Publishing}
}

